% This file was created with JabRef 2.10.
% Encoding: MacRoman

@article{CellML,
	Author = {A Garny and DP Nickerson and J Cooper and R Weber dos Santos and AK Miller and S McKeever and PM Nielsen and PJ Hunter},
	Journal = {Philos. Transact. A: Math Phys Eng Sci},
	Month = {September},
	Number = {1878},
	Pages = {3017--43},
	Title = {CellML and associated tools and techniques},
	Volume = {366},
	Year = {2008}}

@article{SBML,
  title={The systems biology markup language (SBML): a medium for representation and exchange of biochemical network models},
  author={Hucka, M. and Finney, A. and Sauro, H. and Bolouri, H. and Doyle, J. and Kitano, H. and Arkin, A. and Bornstein, B. and Bray, D. and Cornish-Bowden, A. and others},
  journal={Bioinformatics},
  volume={19},
  number={4},
  pages={524--531},
  year={2003},
  publisher={Oxford Univ Press}
}

@misc{matlab,
year = {2015},
author = {MathWorks},
title = {MATLAB},
publisher = {The MathWorks Inc.},
address = {Natick, Massachusetts}
}

@Article{Endy2005,
  author =       "D. Endy",
  title =        "Foundations for engineering biology",
  journal =      "Nature",
  volume =       "438",
  pages =        "449--453",
  year =         "2005"
}


@Article{Galdzicki2014,
  Title                    = {The Synthetic Biology Open Language (SBOL) provides a community standard for communicating designs in synthetic biology},
  Author                   = {Galdzicki, M. and Clancy, K. P. and Oberortner, E. and Pocock, M. and Quinn, J. Y. and Rodriguez, C. A. and Roehner, N. and Wilson, M. L. and Adam, L. and Anderson, J. C. and Bartley, B. A. and Beal, J. and Chandran, D. and Chen, J. and Densmore, D. and Endy, D. and Gruenberg, R. and Hallinan, J. and Hillson, N. J. and Johnson, J. D. and Kuchinsky, A. and Lux, M. and Misirli, G. and Peccoud, J. and Plahar, H. A. and Sirin, E. and Stan, G-B. and Villalobos, A. and Wipat, A. and Gennari, J. H. and Myers, C. J. and Sauro, H. M.},
  Journal                  = {Nature Biotechnology},
  Year                     = {2014},
  Pages                    = {545--550},
  Volume                   = {32},
  Doi                      = {10.1038/nbt.2891},
  Url                      = {http://dx.doi.org/10.1038/nbt.2891}
}

@TechReport{SBOL2,
  Title                    = {{S}ynthetic {B}iology {O}pen {L}anguage ({SBOL}) {V}ersion 2.0.0},
  Author                   = {Bryan Bartley and Jacob Beal and Kevin Clancy and Goksel Misirli and Nicholas Roehner and Ernst Oberortner and Matthew Pocock and Michael Bissell and Curtis Madsen and Tramy Nguyen and Zhen Zhang and John H. Gennari and Chris Myers and Anil Wipat and Herbert Sauro},
  Year                     = {2015},
  Number                   = {BBF RFC \#108},
  Doi                      = {1721.1/98369},
  Keywords                 = {SBOL}
}


@TechReport{Galdzicki2012,
  Title                    = {{S}ynthetic {B}iology {O}pen {L}anguage ({SBOL}) {V}ersion 1.1.0},
  Author                   = {Galdzicki, Michal and
Wilson, Mandy L. and
Rodriguez, Cesar A. and
Pocock, Matthew R. and
Oberortner, Ernst and
Adam, Laura and
Adler, Aaron and
Anderson, J. Christopher and
Beal, Jacob and
Cai, Yizhi and
Chandran, Deepak and
Densmore, Douglas and
Drory, Omri A. and
Endy, Drew and
Gennari, John H. and
Gr?nberg, Raik and
Ham, Timothy S. and
Hillson, Nathan J. and
Johnson, Jeffrey D. and
Kuchinsky, Allan and
Lux, Matthew W. and
Madsen, Curtis and
Misirli, Goksel and
Myers, Chris J. and
Olguin, Carlos and
Peccoud, Jean and
Plahar, Hector and
Platt, Darren and
Roehner, Nicholas and
Sirin, Evren and
Smith, Trevor F. and
Stan, Guy-Bart and
Villalobos, Alan and
Wipat, Anil and
Sauro, Herbert M.},
  Year                     = {2012},
  Number                   = {BBF RFC \#87},

  Doi                      = {1721.1/73909},
  Keywords                 = {SBOL}
}

@Article{Gardner2000,
  Title                    = {Construction of a genetic toggle switch in {\it Escherichia coli}},
  Author                   = {Gardner, T. S. and Cantor, C. R. and Collins, J. J.},
  Journal                  = {Nature},
  Year                     = {2000},
  Pages                    = {339--342},
  Volume                   = {403},

  File                     = {constructionOfGeneticSwitch.pdf},
  Key                      = {Key paper for design of bistable switch. Important for C-Gate. Uses cooperativity, repression loop, and stuff. Tweaks promoters. Shows that it's important to analyze mathematically if it's feasible. Genes and promoters are built on a single plasmid, but theoretically, can be built on two separate plasmids with no change},
  Keywords                 = {building a bistable switch}
}

@book{Miller2010,
 author = {Miller, Frederic P. and Vandome, Agnes F. and McBrewster, John},
 title = {Apache Maven},
 year = {2010},
 isbn = {6130652194, 9786130652197},
 publisher = {Alpha Press},
} 


@Article{Peccoud2011,
  Title                    = {Essential information for synthetic {DNA} sequences},
  Author                   = {Peccoud, J. and Anderson, J. C. and Chandran, D. and Densmore, D. and Galdzicki, M. and Lux, M. W. and Rodriguez, C. A. and Stan, G-B. and Sauro, H. M.},
  Journal                  = {Nature Biotechnology},
  Year                     = {2011},

  Month                    = {Jan},
  Number                   = {1},
  Pages                    = {22-22},
  Volume                   = {29},

  Doi                      = {10.1038/nbt.1753},
  Keywords                 = {design, synthetic biology},
  Owner                    = {Aaron Heuckroth},
  Publisher                = {Nature Publishing Group},
  Timestamp                = {2013.08.09},
  Url                      = {http://dx.doi.org/10.1038/nbt.1753}
}

@Article{Roehner2015,
  Title                    = {Proposed Data Model for the Next Version of the Synthetic Biology Open Language},
  Author                   = {Roehner, N. and Oberortner, E. and Pocock, M. and Beal, J. and Clancy, K. and Madsen, C. and Misirli, G. and Wipat, A. and Sauro, H. and Myers, C. J.},
  Journal                  = {ACS Synthetic Biology},
  Year                     = {2015},
  Note                     = {PMID: 24896221},
  Number                   = {1},
  Pages                    = {57-71},
  Volume                   = {4},

  Doi                      = {10.1021/sb500176h},
  Eprint                   = { 
 http://dx.doi.org/10.1021/sb500176h
 
},
  Url                      = { 
 http://dx.doi.org/10.1021/sb500176h
 
}
}

@misc{rdf,
author = {F. Gandon and G. Schreiber}, 
title = {{RDF 1.1 XML Syntax}},
year      = {2014},
howpublished = {Available at http://www.w3.org/TR/rdf-syntax-grammar (23/03/2015)}
}

@article{roehner2015generating,
author = {N. Roehner and Z. Zhang and T. Nguyen and C. Myers},
title = {Generating Systems Biology Markup Language Models from the Synthetic Biology Open Language},
journal = {ACS Synthetic Biology},
volume = {4},
number = {8},
pages = {873-879},
year = {2015},
doi = {10.1021/sb5003289},
URL = {http://dx.doi.org/10.1021/sb5003289},
eprint = {http://dx.doi.org/10.1021/sb5003289}
}

@misc{turtle,
author = {Eric Prud'hommeaux and Gavin Carothers}, 
title = {RDF 1.1 Turtle},
year      = {2014},
howpublished = {Available at http://www.w3.org/TR/turtle (23/03/2015)}
}

@misc{json,
author = {Crockford, Douglas}, 
title = {The application/json Media Type for JavaScript Object Notation (JSON)},
year      = {2006},
howpublished = {Available at http://tools.ietf.org/html/rfc4627 (23/03/2015)}
}

@article{kiani2014crispr,
  title={CRISPR transcriptional repression devices and layered circuits in mammalian cells},
  author={Kiani, S. and Beal, J. and Ebrahimkhani, M. and Huh, J. and Hall, R. and Xie, Z. and Li, Y. and Weiss, R.},
  journal={Nature Methods},
  volume={11},
  number={7},
  pages={723--726},
  year={2014},
  publisher={Nature Publishing Group}
}

@article{Courtot2011,
author = {Courtot, M. and Juty, N. and Kn\"{u}pfer, C. and Waltemath, D. and Zhukova, A. and Dr\"{a}ger, A. and Dumontier, M. and Finney, A. and Golebiewski, M. and Hastings, J. and Hoops, S. and Keating, S. and Kell, D. and Kerrien, S. and Lawson, J. and Lister, A. and Lu, J. and Machne, R. and Mendes, P. and Pocock, M. and Rodriguez, N. and Villeger, A. and Wilkinson, D. and Wimalaratne, S. and Laibe, C. and Hucka, M. and {Le Nov\`{e}re}, N.},
journal = {Molecular Systems Biology},
title = {{Controlled vocabularies and semantics in systems biology}},
url = {http://msb.embopress.org/content/7/1/543.abstract},
volume = {7},
year = {2011}
}

@article{Bartley2015,
author = {Bartley, B. and Beal, J. and Clancy, K. and Misirli, G. and Roehner, N. and Oberortner, E. and Pocock, M. and Bissell, M. and  Madsen, C. and Nguyen, T. and Zhang, Z.  and  Gennari, J. and  Myers, C. and Wipat, A.  and Sauro, H.},
journal = {Journal of Integrative Bioinformatics},
title = {{Synthetic Biology Open Language (SBOL) Version 2.0.0}},
year = {2015},
volume = {12},
number = {2},
pages = {272}
}